<?xml version="1.0" encoding="UTF-8"?><record xmlns="http://www.loc.gov/MARC21/slim" xmlns:cinclude="http://apache.org/cocoon/include/1.0" xmlns:zs="http://www.loc.gov/zing/srw/">
  <leader>00580cz  a2200169n  4500</leader>
  <controlfield tag="001">n  83223367 </controlfield>
  <controlfield tag="003">DLC</controlfield>
  <controlfield tag="005">19930706103743.7</controlfield>
  <controlfield tag="008">831108n| acannaab|          |n aaa |||  </controlfield>
  <datafield tag="010" ind1=" " ind2=" ">
    <subfield code="a">n  83223367 </subfield>
  </datafield>
  <datafield tag="040" ind1=" " ind2=" ">
    <subfield code="a">DLC</subfield>
    <subfield code="c">DLC</subfield>
    <subfield code="d">DLC</subfield>
  </datafield>
  <datafield tag="100" ind1="1" ind2="0">
    <subfield code="a">Krusten, Reet,</subfield>
    <subfield code="d">1934-</subfield>
  </datafield>
  <datafield tag="400" ind1="1" ind2="0">
    <subfield code="a">Krusten, R.</subfield>
    <subfield code="q">(Reet),</subfield>
    <subfield code="d">1934-</subfield>
  </datafield>
  <datafield tag="400" ind1="1" ind2="0">
    <subfield code="w">nnaa</subfield>
    <subfield code="a">Krusten, R.</subfield>
  </datafield>
  <datafield tag="670" ind1=" " ind2=" ">
    <subfield code="a">Author's Ėstonskai︠a︡ literatura v 1979 godu, 1981:</subfield>
    <subfield code="b">t.p. (R. Krusten)</subfield>
  </datafield>
  <datafield tag="670" ind1=" " ind2=" ">
    <subfield code="a">Kodukoppel, c1992:</subfield>
    <subfield code="b">verso t.p. (Reet Krusten)</subfield>
  </datafield>
  <datafield tag="670" ind1=" " ind2=" ">
    <subfield code="a">Eesti kirj. biog. leks., 1975</subfield>
    <subfield code="b">(Krusten, Reet; critic and literary scholar; b. 1934)</subfield>
  </datafield>
</record>